% Encoding: UTF-8

@article{lohr2012age,
  title={The age of big data},
  author={Lohr, Steve},
  journal={New York Times},
  volume={11},
  number={2012},
  year={2012}
}

@incollection{zhao2022web,
  title={Web scraping},
  author={Zhao, Bo},
  booktitle={Encyclopedia of big data},
  pages={951--953},
  year={2022},
  publisher={Springer}
}

@article{khder2021web,
  title={Web scraping or web crawling: State of art, techniques, approaches and application.},
  author={Khder, Moaiad Ahmad},
  journal={International Journal of Advances in Soft Computing \& Its Applications},
  volume={13},
  number={3},
  year={2021}
}

@inproceedings{coronado2015context,
  title={Context-Awareness in Task Automation Services by Distributed Event Processing},
  author={Coronado, Miguel and Bruns, Ralf and Dunkel, J{\"u}rgen and Stipkovi{\'c}, Sebastian},
  booktitle={Web Information Systems Engineering--WISE 2014 Workshops: 15th International Workshops IWCSN 2014, Org2 2014, PCS 2014, and QUAT 2014, Thessaloniki, Greece, October 12-14, 2014, Revised Selected Papers 15},
  pages={190--203},
  year={2015},
  organization={Springer}
}

@article{michelson2006event,
  title={Event-driven architecture overview},
  author={Michelson, Brenda M},
  journal={Patricia Seybold Group},
  volume={2},
  number={12},
  pages={10--1571},
  year={2006},
}

@book{garg2013apache,
  title={Apache kafka},
  author={Garg, Nishant},
  year={2013},
  publisher={Packt Publishing Birmingham, UK},
}

@inproceedings{vyas2022performance,
  title={Performance evaluation of apache kafka--a modern platform for real time data streaming},
  author={Vyas, Shubham and Tyagi, Rajesh Kumar and Jain, Charu and Sahu, Shashank},
  booktitle={2022 2nd International Conference on Innovative Practices in Technology and Management (ICIPTM)},
  volume={2},
  pages={465--470},
  year={2022},
  organization={IEEE}
}

@Comment{jabref-meta: databaseType:biblatex;}
